<collection xmlns="http://www.loc.gov/MARC21/slim">
<record>
  <leader>00744nam0a22001931i 450 </leader>
  <controlfield tag="001">IT\ICCU\CNCE\078489</controlfield>
  <controlfield tag="005">20140409000000.0</controlfield>
  <datafield tag="012" ind1=" " ind2=" ">
    <subfield code="a">t.o- i-a. e.m. i.ue (S) 1545 (Q)</subfield>
    <subfield code="2">fei</subfield>
  </datafield>
  <datafield tag="100" ind1=" " ind2=" ">
    <subfield code="a">20140409f1545        0itac0103    ba</subfield>
  </datafield>
  <datafield tag="101" ind1=" " ind2=" ">
    <subfield code="a">LAT</subfield>
  </datafield>
  <datafield tag="102" ind1=" " ind2=" ">
    <subfield code="a">IT</subfield>
  </datafield>
  <datafield tag="200" ind1="1" ind2=" ">
    <subfield code="a">Tenor supplicationis et litterarum dominicalium per quas prohibetur ne layci trahantur ad curias vetitas pro mere prophanis ...</subfield>
  </datafield>
  <datafield tag="210" ind1=" " ind2=" ">
    <subfield code="d">\1545?!</subfield>
  </datafield>
  <datafield tag="215" ind1=" " ind2=" ">
    <subfield code="a">1 foglio</subfield>
    <subfield code="d">atl</subfield>
  </datafield>
  <datafield tag="300" ind1=" " ind2=" ">
    <subfield code="a">La data presunta si ricava dall&apos;emanazione: Vercelli, 26 marzo 1545</subfield>
  </datafield>
  <datafield tag="710" ind1="0" ind2="2">
    <subfield code="a">Asti</subfield>
    <subfield code="3">IT\ICCU\CNCT\000940</subfield>
  </datafield>
  <datafield tag="712" ind1="0" ind2="2">
    <subfield code="a">s.n.</subfield>
    <subfield code="3">IT\ICCU\CNCT\000002</subfield>
    <subfield code="4">650</subfield>
  </datafield>
  <datafield tag="801" ind1=" " ind2="3">
    <subfield code="a">IT</subfield>
    <subfield code="b">ICCU</subfield>
    <subfield code="c">20201115</subfield>
  </datafield>
  <datafield tag="899" ind1=" " ind2=" ">
    <subfield code="a">Biblioteca Norberto Bobbio dell&apos;Universit ̉degli Studi di Torino. Torino</subfield>
    <subfield code="1">TO1203</subfield>
    <subfield code="2">UTO BB</subfield>
  </datafield>
</record>
</collection>
